<record xmlns="http://www.loc.gov/MARC21/slim" xmlns:xsi="http://www.w3.org/2001/XMLSchema-instance" xsi:schemaLocation="http://www.loc.gov/MARC21/slim http://www.loc.gov/standards/marcxml/schema/MARC21slim.xsd">

  <leader>00477nam a2200157Ia 4500</leader>
  <datafield ind1=" " ind2=" " tag="090">
    <subfield code="a">DOC # 1</subfield>
  </datafield>
  <datafield ind1=" " ind2=" " tag="100">
    <subfield code="a">Carrasco Altamirano, Alma</subfield>
  </datafield>
  <datafield tag="245" ind2=" " ind1=" ">
    <subfield code="a">Enfoque, programa y método para la enseñanza de la lengua escrita en primer grado de educación primaria</subfield>
  </datafield>
  <datafield tag="260" ind1=" " ind2=" ">
    <subfield code="a">Oaxaca, México : </subfield>
    <subfield code="b">Huaxyácac, </subfield>
    <subfield code="c">1998</subfield>
  </datafield>
  <datafield ind2=" " ind1=" " tag="300">
    <subfield code="a">126 páginas</subfield>
  </datafield>
  <datafield tag="650" ind1=" " ind2=" ">
    <subfield code="a">EDUCACION PRIMARIA </subfield>
  </datafield>
  <datafield ind2=" " ind1=" " tag="650">
    <subfield code="a">LENGUA ESCRITA </subfield>
  </datafield>
  <datafield tag="650" ind1=" " ind2=" ">
    <subfield code="a">METODOS PEDAGOGICOS</subfield>
  </datafield>
  <datafield tag="651" ind2=" " ind1=" ">
    <subfield code="a">MEXICO</subfield>
  </datafield>
  <datafield tag="942" ind1=" " ind2=" ">
    <subfield code="p">001160 </subfield>
  </datafield>
  <datafield tag="999" ind1=" " ind2=" ">
    <subfield code="c">2530</subfield>
    <subfield code="d">2530</subfield>
  </datafield>
</record>